
@article{appelman_rose_1998,
	title = {A "rose is a rose is a rose is a rose," but exactly what is a gastric adenocarcinoma?},
	volume = {68},
	issn = {0022-4790},
	doi = {10.1002/(sici)1096-9098(199807)68:3<141::aid-jso1>3.0.co;2-5},
	pages = {141--143},
	number = {3},
	journaltitle = {Journal of Surgical Oncology},
	shortjournal = {J Surg Oncol},
	author = {Appelman, H. D. and {McKenna}, B. J.},
	date = {1998-07},
	pmid = {9701203},
	keywords = {Adenocarcinoma, Diagnosis, Differential, Humans, Japan, Stomach Neoplasms, Terminology as Topic, World Health Organization},
	file = {Full Text:/home/jan/Zotero/storage/SZTAF6UW/Appelman and McKenna - 1998 - A rose is a rose is a rose is a rose, but exactl.pdf:application/pdf}
}
